@book{bukowski2008tales,
  title={Tales of Ordinary Madness},
  author={Bukowski, C.},
  isbn={9780753513873},
  url={https://books.google.it/books?id=ENuSzXQF55cC},
  year={2008},
  publisher={Virgin}
}